@article{craft1996development,
  title={Development and application of a cubic eddy-viscosity model of turbulence},
  author={Craft, TJ and Launder, BE and Suga, K},
  journal={International Journal of Heat and Fluid Flow},
  volume={17},
  number={2},
  pages={108--115},
  year={1996},
  publisher={Elsevier}
}
