@misc{quoraHobold,
  Author = "Gustavo Marques Hobold",
  Title = "Quora: \emph{Why is vorticity equal to 2x the angular velocity for rigid rotation?}",
  Note = "\url{https://tinyurl.com/3vk66hds}",
  year = 2012,
}

@misc{courseUniGeBottaro,
  Author = "Alessandro Bottaro",
  Title = "\emph{Meccanica dei Fluidi 1 ME (37656)}",
  Note = "\url{http://www.dicat.unige.it/bottaro/fm.html}",
  year = 2015,
}

@book{ghazanfarian2024applied,
  title = {Applied Continuum Mechanics for Thermo-fluids},
  author = {Ghazanfarian, Jafar},
  year = {2024},
  publisher = {CRC Press},
}
